<?xml version="1.0" encoding="utf-8"?>
<record xmlns="http://www.loc.gov/MARC21/slim" xmlns:xsi="http://www.w3.org/2001/XMLSchema-instance" xsi:schemaLocation="http://www.loc.gov/MARC21/slim http://www.loc.gov/standards/marcxml/schema/MARC21slim.xsd">
	<leader>     nam a22        4500</leader>
	<controlfield tag="001">b12973026</controlfield>
	<controlfield tag="003">UaCaAUL</controlfield>
	<controlfield tag="006">m        d        </controlfield>
	<controlfield tag="007">cr cn |||m|||a</controlfield>
	<controlfield tag="008">170907s1912    ua      ob    000 0 arard</controlfield>
	<datafield ind1=" " ind2=" " tag="040">
		<subfield code="a">NNU</subfield>
		<subfield code="b">eng</subfield>
		<subfield code="e">rda</subfield>
		<subfield code="c">NNU</subfield>
	</datafield>
	<datafield ind1=" " ind2=" " tag="066">
		<subfield code="c">(3</subfield>
	</datafield>
	<datafield ind1=" " ind2="4" tag="050">
		<subfield code="a">BJ1608.A7</subfield>
		<subfield code="b">I25 1912</subfield>
	</datafield>
	<datafield ind1="0" ind2=" " tag="100">
		<subfield code="6">880-01</subfield>
		<subfield code="a">Ibn al-Muqaffaʻ,</subfield>
		<subfield code="d">-approximately 760,</subfield>
		<subfield code="e">author.</subfield>
	</datafield>
	<datafield ind1="1" ind2="3" tag="245">
		<subfield code="6">880-02</subfield>
		<subfield code="a">al-Adab al-Kabīr /</subfield>
		<subfield code="c">li-Ibn al-Muqaffaʻ. bi-taḥqīq al-ustādh Aḥmad Zakī bāshā, kātib asrār Majlis al-Nuẓẓār.</subfield>
	</datafield>
	<datafield ind1=" " ind2=" " tag="250">
		<subfield code="6">880-03</subfield>
		<subfield code="a">al-Ṭabʻah al-ūlá.</subfield>
	</datafield>
	<datafield ind1=" " ind2="1" tag="264">
		<subfield code="6">880-04</subfield>
		<subfield code="a">[Alexandria] :</subfield>
		<subfield code="b">Jamʻīyat al-ʻUrwat al-Wuthqá al-Khayrīyah al-Islāmīyah,</subfield>
		<subfield code="c">1330, 1912.</subfield>
	</datafield>
	<datafield ind1=" " ind2="3" tag="264">
		<subfield code="6">880-05</subfield>
		<subfield code="a">[Alexandria] :</subfield>
		<subfield code="b">Maṭbaʻat Madrasat Muḥammad ʻAlī al-Ṣināʻīyah.</subfield>
	</datafield>
	<datafield ind1=" " ind2=" " tag="300">
		<subfield code="a">online resource (155 pages)</subfield>
	</datafield>
	<datafield ind1=" " ind2=" " tag="336">
		<subfield code="a">text</subfield>
		<subfield code="2">rdacontent</subfield>
	</datafield>
	<datafield ind1=" " ind2=" " tag="337">
		<subfield code="a">computer</subfield>
		<subfield code="2">rdamedia</subfield>
	</datafield>
	<datafield ind1=" " ind2=" " tag="338">
		<subfield code="a">online resource</subfield>
		<subfield code="2">rdacarrier</subfield>
	</datafield>
	<datafield ind1=" " ind2=" " tag="500">
		<subfield code="a">Part of the Arabic Collections Online (ACO) project, contributed by American University in Cairo Library.</subfield>
	</datafield>
	<datafield ind1=" " ind2=" " tag="504">
		<subfield code="a">Includes bibliographical references.</subfield>
	</datafield>
	<datafield ind1=" " ind2=" " tag="500">
		<subfield code="6">880-06</subfield>
		<subfield code="a">&quot;Idhā kathura tqlību al-lisān&quot; &quot;raqqat ḥawāshīhi wa-lānat ʻudhbatuh&quot;, li-Ibn al-Muqaffaʻ&quot; -- Title page.</subfield>
	</datafield>
	<datafield ind1=" " ind2=" " tag="500">
		<subfield code="6">880-07</subfield>
		<subfield code="a">At head of title page: Qarrarat naẓārat al-Maʻārif al-ʻumūmīyah tadrīs hādhā al-kitāb fī jamīʻ madārisihā al-ibtidāʼīyah.</subfield>
	</datafield>
	<datafield ind1=" " ind2=" " tag="500">
		<subfield code="6">880-08</subfield>
		<subfield code="a">&quot;Ṭubiʻa ʻalá dhimmat Jamʻīyat al-ʻUrwat al-Wuthqá al-Khayrīyah al-Islāmīyah bi-Maṭbaʻat Madrasat Muḥammad ʻAlī al-Ṣināʻīyah&quot; -- Page facing title page.</subfield>
	</datafield>
	<datafield ind1=" " ind2=" " tag="500">
		<subfield code="a">Includes Errata pages (pages 140-155)</subfield>
	</datafield>
	<datafield ind1=" " ind2=" " tag="533">
		<subfield code="a">Electronic reproduction.</subfield>
		<subfield code="b">New York, N.Y. :</subfield>
		<subfield code="c">New York University,</subfield>
		<subfield code="d">2017.</subfield>
		<subfield code="5">NNU</subfield>
	</datafield>
	<datafield ind1=" " ind2="0" tag="650">
		<subfield code="a">Courts and courtiers.</subfield>
	</datafield>
	<datafield ind1=" " ind2="0" tag="650">
		<subfield code="a">Conduct of life.</subfield>
	</datafield>
	<datafield ind1=" " ind2="7" tag="650">
		<subfield code="a">Conduct of life.</subfield>
		<subfield code="2">fast</subfield>
		<subfield code="0">(OCoLC)fst00874563</subfield>
	</datafield>
	<datafield ind1=" " ind2="7" tag="650">
		<subfield code="a">Courts and courtiers.</subfield>
		<subfield code="2">fast</subfield>
		<subfield code="0">(OCoLC)fst00881829</subfield>
	</datafield>
	<datafield ind1="0" ind2=" " tag="700">
		<subfield code="6">880-09</subfield>
		<subfield code="a">Aḥmad Zakī,</subfield>
		<subfield code="d">approximately 1866-1934,</subfield>
		<subfield code="e">editor.</subfield>
	</datafield>
	<datafield ind1="2" ind2=" " tag="710">
		<subfield code="6">880-10</subfield>
		<subfield code="a">Jamʻīyat al-ʻUrwah al-Wuthqá al-Khayrīyah al-Islāmīyah.</subfield>
	</datafield>
	<datafield ind1="2" ind2=" " tag="710">
		<subfield code="a">American University in Cairo.</subfield>
		<subfield code="b">Library.</subfield>
	</datafield>
	<datafield ind1="0" ind2=" " tag="730">
		<subfield code="a">Arabic Collections Online.</subfield>
	</datafield>
	<datafield ind1="0" ind2="8" tag="776">
		<subfield code="i">Print version:</subfield>
		<subfield code="a">Ibn al-Muqaffaʻ, -approximately 760, author.</subfield>
		<subfield code="t">al-Adab al-Kabīr</subfield>
		<subfield code="w">(UaCaAUL)b12973026</subfield>
		<subfield code="w">(OCoLC)18803689</subfield>
	</datafield>
	<datafield ind1="4" ind2="0" tag="856">
		<subfield code="u">http://hdl.handle.net/2333.1/15dv46sj</subfield>
	</datafield>
	<datafield ind1="0" ind2=" " tag="880">
		<subfield code="6">100-01/(3/r</subfield>
		<subfield code="a">ابن المقفع،</subfield>
		<subfield code="d">-حوالي 760.</subfield>
	</datafield>
	<datafield ind1="1" ind2="2" tag="880">
		<subfield code="6">245-02/(3/r</subfield>
		<subfield code="a">الأدب الكبير /</subfield>
		<subfield code="c">لابن المقفع. بتحقيق الأستاذ أحمد زكي باشا، كاتب أسرار مجلس النظار.</subfield>
	</datafield>
	<datafield ind1=" " ind2=" " tag="880">
		<subfield code="6">250-03/(3/r</subfield>
		<subfield code="a">الطبعة الأولى.</subfield>
	</datafield>
	<datafield ind1=" " ind2="1" tag="880">
		<subfield code="6">264-04/(3/r</subfield>
		<subfield code="a">[Alexandria] :</subfield>
		<subfield code="b">جمعية العروة الوثقى الخيرية الإسلامية،</subfield>
		<subfield code="c">1330، 1912.</subfield>
	</datafield>
	<datafield ind1=" " ind2="3" tag="880">
		<subfield code="6">264-05/(3/r</subfield>
		<subfield code="a">[Alexandria] :</subfield>
		<subfield code="b">مطبعة مدرسة محمد علي الصناعية.</subfield>
	</datafield>
	<datafield ind1=" " ind2=" " tag="880">
		<subfield code="6">500-06/(3/r</subfield>
		<subfield code="a">&quot;إذا كثر تقليب اللسان&quot; &quot;رقت حواشيه ولانت عذبته&quot;، لابن المقفع&quot; -- Title page.</subfield>
	</datafield>
	<datafield ind1=" " ind2=" " tag="880">
		<subfield code="6">500-07/(3/r</subfield>
		<subfield code="a">At head of title page: قررت نظارة المعارف العمومية تدريس هذه الكتاب في جميع مدارسها الغبتدائية.</subfield>
	</datafield>
	<datafield ind1=" " ind2=" " tag="880">
		<subfield code="6">500-08/(3/r</subfield>
		<subfield code="a">&quot;طبع على ذمة جمعية العروة الوثقى الخيرية الإسلامية بمطبعة مدرسة محمد علي الصناعية&quot; --  Page facing title page.</subfield>
	</datafield>
	<datafield ind1="1" ind2=" " tag="880">
		<subfield code="6">700-09/(3/r</subfield>
		<subfield code="a">أحمد زكي،</subfield>
		<subfield code="d">حوالي 1866-1934.</subfield>
	</datafield>
	<datafield ind1="2" ind2=" " tag="880">
		<subfield code="6">710-10/(3/r</subfield>
		<subfield code="a">جمعية العروة الوثقى الخيرية الإسلامية.</subfield>
	</datafield>
	<datafield ind1=" " ind2=" " tag="959">
		<subfield code="a">NNU</subfield>
		<subfield code="b">WEB</subfield>
		<subfield code="c">GENI</subfield>
		<subfield code="t">0</subfield>
		<subfield code="m">Electronic access</subfield>
		<subfield code="s">01</subfield>
	</datafield>
	<datafield ind1=" " ind2=" " tag="999">
		<subfield code="i">UaCaAUL_b12973026</subfield>
		<subfield code="o">(OCoLC)ocm18803689</subfield>
		<subfield code="s">auc_aco000105</subfield>
	</datafield>
</record>
